% File: bold_references.bib
% Date: 8.28.2014
% Author: Jared Bold

% Journal Articls
@ARTICLE{Wiggins2001,
  AUTHOR="Richard H. Wiggins and H. Christian Davidson and H. Ric Harnsberger and Jason R Lauman and Patricia A. Goede",
  TITLE="Image File Formats: Past, Present, and Future",
  JOURNAL="RadioGraphics",
  VOLUME="21",
  ISSUE="3",
  PAGES="789--798",
  YEAR=2000
}

% Images
@BOOK{Murray1996,
  AUTHOR="James D. Murray and William Van Ryper",
  TITLE="Encyclopedia of Graphics File Formats, 2nd Edition",
  PUBLISHER="O'Reilly Media",
  YEAR=1996
}
